%% This BibTeX bibliography file was created using BibDesk.
%% https://bibdesk.sourceforge.io/

%% Created for Sanay Devi at 2019-01-20 08:19:42 -0700 


%% Saved with string encoding Unicode (UTF-8) 



@article{Gautam17,
	Author = {Gautam Ghosh, Oystein Gutu},
	Date-Added = {2019-01-20 15:17:34 +0000},
	Date-Modified = {2019-01-20 15:19:24 +0000},
	Journal = {Agile Business Conference },
	Number = {4 },
	Pages = { 10},
	Title = {Agile, Multidisciplinary Teamwork},
	Volume = { 5},
	Year = {2004}}
	
@article{Siva13,
Author = {Siva Dorairaj and James Noble},
Title = {Agile Software Development with Distributed Teams Agility, Distribution and Trust},
Journal ={IEEE Conference},
Number ={5 },
Volume={ 6},
Pages ={13},
Year = {2013}
}

@book{Somerville,
  Author = {Ian Sommervile},
  Year = {2009},
  Title =  {Software Engineering},
  Publisher =  {Addison-Wesley},
  Address = {4},
  Edition =  {9}
}
@article{Moe,
	Title	= {A teamwork model for understanding an agile team: A case study of a Scrum project},
	Month	= {5},
	Pages	= {480-491},
	Volume	= {52},
	Year	= {2010},
	Author	= {Moe, Nils Brede AND Dingsoyr, Torgeir AND Dybaa, Tore},
        Journal = {Elsevier B.V.10.1016/j.infsof.2009.11.004 }
}

@article{Jeff,
Author = {Anton Viktorov, Jack Blount ,Jeff Sutherland and Nikolai Puntikov},
Title = {Distributed Scrum: Agile Project Management with Outsourced Development Teams},
Journal = {Proceedings of the 40th Hawaii International Conference on System Sciences - 2007},
Pages = {10},
Number = {1},
Volume= {1},
Year = {2007}
}
 @article{Dingsoyr,
 Author = {Torgeir Dingsoyr and Nils Brede Moe},
 Title = {Towards Principles of Large-Scale Agile Development: A Summary of the workshop at XP2014 and a revised research agenda},
 Year = {2014},
 Pages = {6},
 Number ={ 1},
Volume={1 },
Journal = {Research Paper} }

@article{Bjornson,
Author = {Finn Olav Bjornson, Julia Wijnmaalen, Christoph Johann Stettina and Torgeir Dingsoyr},
Title = {Inter-team Coordination in Large-Scale Agile Development: A Case Study of Three Enabling Mechanisms},
Year = {2018},
Pages = {16},
 Number ={1},
Volume={1},
Journal = {publication 325188087}
}

@article{Nord,
Author = {Robert L. Nord, Ipek Ozkaya and Philippe Krutchen},
Title = {Agile in Distress: Architecture to the Rescue},
Year = {2014},
Pages = {15},
Number ={1},
Volume={1},
Journal = {Conference Paper 2014021001446847}
}